<?xml version="1.0" encoding="UTF-8"?><collection xmlns="http://www.loc.gov/MARC21/slim"><record><leader>00626nam--2200169-i-4500</leader><controlfield tag="001">000040189</controlfield><controlfield tag="002">20161230</controlfield><controlfield tag="005">20161230201042</controlfield><controlfield tag="008">060222s1000------------r-----000-0-fre-d</controlfield><datafield ind1=" " ind2=" " tag="041"><subfield code="a">fre</subfield></datafield><datafield ind1=" " ind2=" " tag="080"><subfield code="a">514.123(075.8)</subfield></datafield><datafield ind1="1" ind2=" " tag="100"><subfield code="a">Salmon,G</subfield></datafield><datafield ind1=" " ind2=" " tag="245"><subfield code="a">Traite de geometrie analytique a trois dimensions</subfield><subfield code="b">Ouvrage traduit de l'anglais sur la quatriemem edition par o. chemin deuxieme partie theorie generale des surface3s. courbes gauches et surfaces developpables. familles de surfaces</subfield><subfield code="c">G. salmon</subfield></datafield><datafield ind1=" " ind2=" " tag="260"><subfield code="a">Paris</subfield><subfield code="b">Gauthier-villars Et Fils</subfield><subfield code="c">1891</subfield></datafield><datafield ind1=" " ind2=" " tag="300"><subfield code="a">X+295P</subfield></datafield><datafield ind1=" " ind2=" " tag="852"><subfield code="a">44487</subfield><subfield code="c">H.H</subfield></datafield><datafield ind1=" " ind2=" " tag="CAT"><subfield code="a">Sys</subfield><subfield code="c">20130409</subfield><subfield code="h">153514</subfield></datafield></record></collection>